
% http://bib-it.sourceforge.net/help/fieldsAndEntryTypes.php#TOP

%ejemplos

@techreport{labelTechcnicalReport,
    author = {Coronado, Jose and Francisco, P and Iglesias, Julio},
    title = {{Ejemplo título}},
    number = {CLS-DOS-NT-11-080},
    institution = {European Space Ageny},
    year = {2012},
    note = {Accessed: Mar. 13, 2020. [Online]. Available: \url{http://www.esa-sealevel-cci.org/webfm_send/99}}
}

@misc{ejemploWeb,
    author = {Coronado, Jose and Francisco, P and Iglesias, Julio},
    title = {{Título contendio}},
    note = { Accessed: Feb. 28, 2010. [Online]. Available: \url{http://press-pubs.uchicago.edu/founders/}}
}

@article{ejemploArticle,
    author = {Luotonen, A and Altis, K},
    title = {{Title}},
    journal = {Journal},
    year = {1994},
    volume = {27},
    number = {2},
    pages = {147-154}
}